@article{frisbee2003advanced,
  title={Advanced space propulsion for the 21st century},
  author={Frisbee, Robert H},
  journal={Journal of Propulsion and Power},
  volume={19},
  number={6},
  pages={1129--1154},
  year={2003}
}

@article{millis2018breakthrough,
  title={Breakthrough Propulsion Study: Assessing Interstellar Flight Challenges and Prospects},
  author={Millis, Marc G and Greason, Jeff and Stevenson, Rhonda},
  year={2018}
}

@article{fu2016solar,
  title={Solar sail technologyâ€”a state of the art review},
  author={Fu, Bo and Sperber, Evan and Eke, Fidelis},
  journal={Progress in Aerospace Sciences},
  volume={86},
  pages={1--19},
  year={2016},
  publisher={Elsevier}
}

@inproceedings{funaki2006experimental,
  title={Experimental Simulation of Magnetic Sails},
  author={Funaki, Ikkoh and Yamakawa, Hiroshi and Shimizu, Yukio and Nakayama, Yoshinori and Horisawa, Hideyuki and Ueno, Kazuma and Kimura, Toshiyuki},
  booktitle={42nd AIAA/ASME/SAE/ASEE Joint Propulsion Conference \& Exhibit},
  pages={5227},
  year={2006}
}

@inproceedings{slough2005plasma,
  title={The Plasma Magnet for Sailing the Solar Wind},
  author={Slough, John},
  booktitle={AIP Conference Proceedings},
  volume={746},
  number={1},
  pages={1171--1187},
  year={2005},
  organization={American Institute of Physics}
}

@article{janhunen2004electric,
  title={Electric sail for spacecraft propulsion},
  author={Janhunen, Pekka},
  journal={Journal of Propulsion and Power},
  volume={20},
  number={4},
  pages={763--764},
  year={2004}
}

@article{toivanen2013spin,
  title={Spin plane control and thrust vectoring of electric solar wind sail},
  author={Toivanen, Petri K and Janhunen, Pekka},
  journal={Journal of Propulsion and Power},
  volume={29},
  number={1},
  pages={178--185},
  year={2013},
  publisher={American Institute of Aeronautics and Astronautics}
}

@article{toivanen2017thrust,
  title={Thrust vectoring of an electric solar wind sail with a realistic sail shape},
  author={Toivanen, Petri and Janhunen, Pekka},
  journal={Acta Astronautica},
  volume={131},
  pages={145--151},
  year={2017},
  publisher={Elsevier}
}

@article{janhunen2014overview,
  title={Overview of electric solar wind sail applications},
  author={Janhunen, Pekka and Toivanen, Petri and Envall, Jouni and Merikallio, Sini and Montesanti, Giuditta and del Amo, Jose Gonzalez and Kvell, Urmas and Noorma, Mart and L{\"a}tt, Silver},
  journal={Proceedings of the Estonian academy of sciences},
  volume={63},
  number={2},
  pages={267},
  year={2014},
  publisher={Teaduste Akadeemia Kirjastus (Estonian Academy Publishers)}
}

@article{quarta2010electric,
  title={Electric sail mission analysis for outer solar system exploration},
  author={Quarta, Alessandro A and Mengali, Giovanni},
  journal={Journal of guidance, control, and dynamics},
  volume={33},
  number={3},
  pages={740--755},
  year={2010}
}

@article{mengali2009non,
  title={Non-Keplerian orbits for electric sails},
  author={Mengali, Giovanni and Quarta, Alessandro A},
  journal={Celestial Mechanics and Dynamical Astronomy},
  volume={105},
  number={1-3},
  pages={179--195},
  year={2009},
  publisher={Springer}
}

@article{mengali2014optimal,
  title={Optimal nodal flyby with near-Earth asteroids using electric sail},
  author={Mengali, Giovanni and Quarta, Alessandro A},
  journal={Acta Astronautica},
  volume={104},
  number={2},
  pages={450--457},
  year={2014},
  publisher={Elsevier}
}